@article{alzu2015semantic,
  title={Semantic content-based image retrieval: A comprehensive study},
  author={Alzuâ€™bi, Ahmad and Amira, Abbes and Ramzan, Naeem},
  journal={Journal of Visual Communication and Image Representation},
  volume={32},
  pages={20--54},
  year={2015},
  publisher={Elsevier}
}
@article{ping2013review,
  title={A review on image feature extraction and representation techniques},
  author={ping Tian, Dong and others},
  journal={International Journal of Multimedia and Ubiquitous Engineering},
  volume={8},
  number={4},
  pages={385--396},
  year={2013}
}
@article{won2002efficient,
  title={Efficient use of MPEG-7 edge histogram descriptor},
  author={Won, Chee Sun and Park, Dong Kwon and Park, Soo-Jun},
  journal={ETRI journal},
  volume={24},
  number={1},
  pages={23--30},
  year={2002},
  publisher={Electronics and Telecommunications Research Institute}
}
@inproceedings{lux2011content,
  title={Content based image retrieval with LIRe},
  author={Lux, Mathias},
  booktitle={Proceedings of the 19th ACM international conference on Multimedia},
  pages={735--738},
  year={2011},
  organization={ACM}
}
@inproceedings{smith1997visualseek,
  title={VisualSEEk: a fully automated content-based image query system},
  author={Smith, John R and Chang, Shih-Fu},
  booktitle={Proceedings of the fourth ACM international conference on Multimedia},
  pages={87--98},
  year={1997},
  organization={ACM}
}
@article{wang2001simplicity,
  title={SIMPLIcity: Semantics-sensitive integrated matching for picture libraries},
  author={Wang, James Ze and Li, Jia and Wiederhold, Gio},
  journal={IEEE Transactions on pattern analysis and machine intelligence},
  volume={23},
  number={9},
  pages={947--963},
  year={2001},
  publisher={IEEE}
}
@inproceedings{park2000efficient,
  title={Efficient use of local edge histogram descriptor},
  author={Park, Dong Kwon and Jeon, Yoon Seok and Won, Chee Sun},
  booktitle={Proceedings of the 2000 ACM workshops on Multimedia},
  pages={51--54},
  year={2000},
  organization={ACM}
}
@inproceedings{won2004feature,
  title={Feature extraction and evaluation using edge histogram descriptor in MPEG-7},
  author={Won, Chee Sun},
  booktitle={Pacific-Rim Conference on Multimedia},
  pages={583--590},
  year={2004},
  organization={Springer}
}
@inproceedings{lisin2005combining,
  title={Combining local and global image features for object class recognition},
  author={Lisin, Dimitri A and Mattar, Marwan A and Blaschko, Matthew B and Learned-Miller, Erik G and Benfield, Mark C},
  booktitle={Computer Vision and Pattern Recognition-Workshops, 2005. CVPR Workshops. IEEE Computer Society Conference on},
  pages={47--47},
  year={2005},
  organization={IEEE}
}
@inproceedings{jalab2011image,
  title={Image retrieval system based on color layout descriptor and Gabor filters},
  author={Jalab, Hamid A},
  booktitle={Open Systems (ICOS), 2011 IEEE Conference on},
  pages={32--36},
  year={2011},
  organization={IEEE}
}
@inproceedings{ishizaki2015compiling,
  title={Compiling and optimizing java 8 programs for gpu execution},
  author={Ishizaki, Kazuaki and Hayashi, Akihiro and Koblents, Gita and Sarkar, Vivek},
  booktitle={Parallel Architecture and Compilation (PACT), 2015 International Conference on},
  pages={419--431},
  year={2015},
  organization={IEEE}
}
@inproceedings{yan2009jcuda,
  title={JCUDA: A programmer-friendly interface for accelerating Java programs with CUDA},
  author={Yan, Yonghong and Grossman, Max and Sarkar, Vivek},
  booktitle={European Conference on Parallel Processing},
  pages={887--899},
  year={2009},
  organization={Springer}
}
@inproceedings{deng2009imagenet,
  title={Imagenet: A large-scale hierarchical image database},
  author={Deng, Jia and Dong, Wei and Socher, Richard and Li, Li-Jia and Li, Kai and Fei-Fei, Li},
  booktitle={Computer Vision and Pattern Recognition, 2009. CVPR 2009. IEEE Conference on},
  pages={248--255},
  year={2009},
  organization={IEEE}
}
@article{srinivas2015content,
  title={Content based medical image retrieval using dictionary learning},
  author={Srinivas, M and Naidu, R Ramu and Sastry, Challa S and Mohan, C Krishna},
  journal={Neurocomputing},
  volume={168},
  pages={880--895},
  year={2015},
  publisher={Elsevier}
}
@incollection{goshtasby2012image,
  title={Image registration methods},
  author={Goshtasby, A Ardeshir},
  booktitle={Image Registration},
  pages={415--434},
  year={2012},
  publisher={Springer}
}
@inproceedings{Tian2013ARO,
  title={A Review on Image Feature Extraction and Representation Techniques},
  author={Dong Tian},
  year={2013}
}
@inproceedings{Dr2010EfficientUO,
  title={Efficient use of MPEG - 7 Color Layout and Edge Histogram Descriptors in CBIR Systems},
  author={Balasubramani R V Dr and Kannan},
  year={2010}
}
@inproceedings{park2000efficient,
  title={Efficient use of local edge histogram descriptor},
  author={Park, Dong Kwon and Jeon, Yoon Seok and Won, Chee Sun},
  booktitle={Proceedings of the 2000 ACM workshops on Multimedia},
  pages={51--54},
  year={2000},
  organization={ACM}
}
@inproceedings{jalab2011image,
  title={Image retrieval system based on color layout descriptor and Gabor filters},
  author={Jalab, Hamid A},
  booktitle={Open Systems (ICOS), 2011 IEEE Conference on},
  pages={32--36},
  year={2011},
  organization={IEEE}
}
@inproceedings{tsai2016design,
  title={On the design of a color image retrieval method based on combined color descriptors and features},
  author={Tsai, Hung-Hsu and Chang, Bae-Muu and Lo, Pei-Shan and Peng, Jie-Yan},
  booktitle={Computer Communication and the Internet (ICCCI), 2016 IEEE International Conference on},
  pages={392--395},
  year={2016},
  organization={IEEE}
}
@article{balasubramani2009efficient,
  title={Efficient use of MPEG-7 color layout and edge histogram descriptors in CBIR systems},
  author={Balasubramani, R and Kannan, Dr V},
  journal={Global Journal of Computer Science and Technology},
  volume={9},
  number={4},
  year={2009}
}
